@InProceedings{Anderson95,
	author = "Thomas E. Anderson and Michael D. Dahlin and Jeanna M. Neefe and David A. Patterson and Drew S. Roselli and Randolph Y. Wang",
	title = "Serverless Network File Systems",
	booktitle = "Proc.\ of the 15th Symposium on Operating Systems Principles",
	year = "1995",
	pages = "109--126",
	address = "Copper Mountain Resort, Colorado",
}
